<collection xmlns="http://www.loc.gov/MARC21/slim">
<record>
  <leader>01462nam0a22002651i 450 </leader>
  <controlfield tag="001">IT\ICCU\CNCE\073047</controlfield>
  <controlfield tag="005">20080526000000.0</controlfield>
  <datafield tag="012" ind1=" " ind2=" ">
    <subfield code="a">anoc 2834 o.o- loco (3) 1561 (A)</subfield>
    <subfield code="2">fei</subfield>
  </datafield>
  <datafield tag="100" ind1=" " ind2=" ">
    <subfield code="a">20080522d1561        0itac0103    ba</subfield>
  </datafield>
  <datafield tag="101" ind1=" " ind2=" ">
    <subfield code="a">ITA</subfield>
  </datafield>
  <datafield tag="102" ind1=" " ind2=" ">
    <subfield code="a">IT</subfield>
  </datafield>
  <datafield tag="200" ind1="1" ind2=" ">
    <subfield code="a">Delle malscaltie del cavallo, del sig. Giordano Ruffo Calaurese. Il quale con bellissimo oridne mostra il modo di conoscere tutte le cose pertinenti al Cavallo, e tutte le sorti d&apos;infirmit,̉ et da che nascano, co&apos; rimedi di quelle</subfield>
  </datafield>
  <datafield tag="210" ind1=" " ind2=" ">
    <subfield code="a">In Venetia</subfield>
    <subfield code="c">Per Rutillio Borgominiero</subfield>
    <subfield code="d">al segno di San Giorgio</subfield>
    <subfield code="d">1561</subfield>
  </datafield>
  <datafield tag="215" ind1=" " ind2=" ">
    <subfield code="a">\8!, 88 c.</subfield>
    <subfield code="d">8\</subfield>
  </datafield>
  <datafield tag="300" ind1=" " ind2=" ">
    <subfield code="a">ANNULLATA  !!!  vedi 60204Marca sul front. recante Caduceo (bastone su cui si attorcigliano simmetricamente due serpenti coronati), sormontato da colomba e sostenuto da due mani uscenti da nubi. -  Iniziali xil. -  Segn.: *8 A-L8</subfield>
  </datafield>
  <datafield tag="620" ind1=" " ind2=" ">
    <subfield code="a">IT</subfield>
    <subfield code="d">Venezia</subfield>
  </datafield>
  <datafield tag="700" ind1=" " ind2="1">
    <subfield code="a">Ruffo,</subfield>
    <subfield code="b">Giordano</subfield>
    <subfield code="3">IT\ICCU\CNCA\006950</subfield>
  </datafield>
  <datafield tag="712" ind1="0" ind2="0">
    <subfield code="a">Borgominieri, Rutilio</subfield>
    <subfield code="3">IT\ICCU\CNCT\000707</subfield>
    <subfield code="4">650</subfield>
  </datafield>
  <datafield tag="790" ind1=" " ind2="1">
    <subfield code="a">Rusto,</subfield>
    <subfield code="b">Giordano</subfield>
    <subfield code="3">IT\ICCU\CNCA\018305</subfield>
    <subfield code="z">Ruffo, Giordano</subfield>
  </datafield>
  <datafield tag="790" ind1=" " ind2="1">
    <subfield code="a">Ruffus,</subfield>
    <subfield code="b">Jordanus</subfield>
    <subfield code="3">IT\ICCU\CNCA\023494</subfield>
    <subfield code="z">Ruffo, Giordano</subfield>
  </datafield>
  <datafield tag="790" ind1=" " ind2="1">
    <subfield code="a">Rufus,</subfield>
    <subfield code="b">Jordanus</subfield>
    <subfield code="3">IT\ICCU\CNCA\023495</subfield>
    <subfield code="z">Ruffo, Giordano</subfield>
  </datafield>
  <datafield tag="791" ind1="0" ind2="0">
    <subfield code="a">Borgominerius, Rutilius</subfield>
    <subfield code="3">IT\ICCU\CNCT\004760</subfield>
    <subfield code="z">Borgominieri, Rutilio</subfield>
  </datafield>
  <datafield tag="791" ind1="0" ind2="0">
    <subfield code="a">Borgominerio, Rutilio</subfield>
    <subfield code="3">IT\ICCU\CNCT\004761</subfield>
    <subfield code="z">Borgominieri, Rutilio</subfield>
  </datafield>
  <datafield tag="801" ind1=" " ind2="3">
    <subfield code="a">IT</subfield>
    <subfield code="b">ICCU</subfield>
    <subfield code="c">20201115</subfield>
  </datafield>
  <datafield tag="899" ind1=" " ind2=" ">
    <subfield code="a">Biblioteca civica. Cosenza</subfield>
    <subfield code="1">CS0044</subfield>
    <subfield code="2">RCA 20</subfield>
  </datafield>
</record>
</collection>
